<?xml version="1.0" encoding="UTF-8"?><collection xmlns="http://www.loc.gov/MARC21/slim"><record><leader>00574nam--2200181-u-4500</leader><controlfield tag="001">000056050</controlfield><controlfield tag="002">20161230</controlfield><controlfield tag="005">20161230201052</controlfield><controlfield tag="008">141204s1000------------r-----000-0-fre-d</controlfield><datafield ind1=" " ind2=" " tag="040"><subfield code="a">IFIN-HH</subfield></datafield><datafield ind1=" " ind2=" " tag="041"><subfield code="a">fre</subfield></datafield><datafield ind1=" " ind2=" " tag="080"><subfield code="a">523.31-852(043)</subfield></datafield><datafield ind1="1" ind2=" " tag="100"><subfield code="a">Petitdidier, Monique</subfield></datafield><datafield ind1="1" ind2="0" tag="245"><subfield code="a">Etude de l'influence des phenomenes dynamiques au niveau de la mesopause sur l'intensite de l'emision de la raie verte</subfield><subfield code="b">These</subfield><subfield code="c">Monique ppetitdidier</subfield></datafield><datafield ind1=" " ind2=" " tag="260"><subfield code="a">Paris</subfield><subfield code="b">Universite Pierre Et Marie Curie</subfield><subfield code="c">1978</subfield></datafield><datafield ind1=" " ind2=" " tag="300"><subfield code="a">269P</subfield></datafield><datafield ind1=" " ind2=" " tag="852"><subfield code="a">70635</subfield><subfield code="c">523</subfield></datafield><datafield ind1=" " ind2=" " tag="CAT"><subfield code="a">Sys</subfield><subfield code="c">20141204</subfield><subfield code="h">171623</subfield></datafield></record></collection>